<record><leader>00000cas a22000007a 4500</leader><controlfield tag="001">30847014</controlfield><controlfield tag="008">940729d192719uunyuen ne      0    0eng d</controlfield><datafield ind1=" " ind2=" " tag="010"><subfield code="a">sn 94057800 </subfield></datafield><datafield ind1=" " ind2=" " tag="040"><subfield code="a">NYS</subfield><subfield code="b">eng</subfield><subfield code="c">NYS</subfield><subfield code="d">OCLCQ</subfield><subfield code="d">OCLCF</subfield><subfield code="d">OCLCO</subfield></datafield><datafield ind1=" " ind2=" " tag="042"><subfield code="a">msc</subfield></datafield><datafield ind1=" " ind2=" " tag="043"><subfield code="a">n-us-ny</subfield></datafield><datafield ind1="0" ind2="0" tag="245"><subfield code="a">Summertime at Thousand Island Park.</subfield></datafield><datafield ind1="1" ind2="3" tag="246"><subfield code="a">Summertime at 1000 Island Park</subfield></datafield><datafield ind1="3" ind2="0" tag="246"><subfield code="a">Summertime</subfield></datafield><datafield ind1=" " ind2=" " tag="260"><subfield code="a">Thousand Island Park, N.Y. :</subfield><subfield code="b">Thousand Island Park Association,</subfield><subfield code="c">1927-</subfield></datafield><datafield ind1=" " ind2=" " tag="300"><subfield code="a">v. ;</subfield><subfield code="c">25-34 cm.</subfield></datafield><datafield ind1=" " ind2=" " tag="310"><subfield code="a">Biweekly (during the summer),</subfield><subfield code="b">1933-&lt;1934&gt;</subfield></datafield><datafield ind1=" " ind2=" " tag="321"><subfield code="a">Weekly (during the summer),</subfield><subfield code="b">1927-1931</subfield></datafield><datafield ind1=" " ind2=" " tag="321"><subfield code="a">Monthly (during the summer),</subfield><subfield code="b">1932</subfield></datafield><datafield ind1="0" ind2=" " tag="362"><subfield code="a">Vol. 1, no. 1 ([June 25, 1927])-v. 7, no. 6 (Aug. 26, 1933) ; v. 7, no. 1 ([June 16, 1934]) ; v. 8, no. 2 (June 30, 1934)-v. 8, no. 3 (July [14], 1943) ; v. 7, no. 4 (July 28, 1934)-</subfield></datafield><datafield ind1=" " ind2=" " tag="588"><subfield code="a">Latest issue consulted: Vol. 8, no. 2 (July 23, 1936).</subfield></datafield><datafield ind1=" " ind2="0" tag="651"><subfield code="a">Thousand Island Park (N.Y.)</subfield><subfield code="v">Newspapers.</subfield></datafield><datafield ind1=" " ind2="0" tag="651"><subfield code="a">Jefferson County (N.Y.)</subfield><subfield code="v">Newspapers.</subfield></datafield><datafield ind1=" " ind2="7" tag="655"><subfield code="a">Newspapers.</subfield><subfield code="2">fast</subfield><subfield code="0">(OCoLC)fst01423814</subfield></datafield><datafield ind1=" " ind2="7" tag="651"><subfield code="a">New York (State)</subfield><subfield code="z">Jefferson County.</subfield><subfield code="2">fast</subfield><subfield code="0">(OCoLC)fst01209430</subfield></datafield><datafield ind1=" " ind2="7" tag="651"><subfield code="a">New York (State)</subfield><subfield code="z">Thousand Island Park.</subfield><subfield code="2">fast</subfield><subfield code="0">(OCoLC)fst01302550</subfield></datafield><datafield ind1=" " ind2=" " tag="752"><subfield code="a">United States</subfield><subfield code="b">New York</subfield><subfield code="c">Jefferson</subfield><subfield code="d">Thousand Island Park.</subfield></datafield><datafield ind1="0" ind2="0" tag="780"><subfield code="t">Summerland (Thousand Island Park, N.Y.)</subfield><subfield code="w">(DLC)sn 94057799</subfield><subfield code="w">(OCoLC)30846671</subfield></datafield></record>